@article{genre_classification_tp,
author = {G. Tzanetakis, P. Cook},
title = {Musical Genre Classification of Audio Signals},
volume = 10, 
number = 5, 
pages = {294--295}, 
year = 2002
}

@article{mfcc_calc,
author = {Khdour, Thair & Muaidi, PHasan & Al-Ahmad, Ayat & Alqrainy, Shihadeh & Alkoffash, Mahmud.},
title = {Arabic Audio News Retrieval System Using Dependent Speaker Mode, Mel Frequency Cepstral Coefficient and Dynamic Time Warping Techniques.},
journal = {Research Journal of Applied Sciences, Engineering and Technology},
number = 7, 
pages = {5082--5097}, 
year = 2014
}

@article{spec_centroid,
author = {Kua, J.M.K. & Thiruvaran, Tharmarajah & Nosrati, Hadis & E, Ambikairajah & Epps, Julien},
title = {Investigation of Spectral Centroid Magnitude and Frequency for Speaker Recognition/},
year = 2010
}

@online{librosa,
title = {Librosa Library},
howpublished = {\url{https://librosa.github.io/}}
}

@online{jdownloader,
title = {JDownloader},
howpublished = {\url{http://jdownloader.org/}}
}

@online{data_set,
title = {Data Set of Turkish Folk Songs},
howpublished = {\url{https://we-l-ee.github.io/bbm406-Sin.City/data-set}}
}

@article{mffc,
author = {Md.Sahidullah, Goutam Saha},
title = {Design, analysis and experimental evaluation of block based transformation in MFCC computation for speaker recognition},
journal = {Speech Communication},
volume = 54, 
number = 4, 
pages = {543--565}, 
year = 2012
}

@article{chroma,
author = {Daniel P. W. Ellis},
title = {CLASSIFYING MUSIC AUDIO WITH TIMBRAL AND CHROMA FEATURES}
}
@article{genre_cnn,
author = {Qiuqiang Kong, Xiaohui Feng, Yanxiong Li},
title = {Music Genre Classification Using Convolutional Neural Network}
}
@article{feature_extraction_automatic_cnn,
author = {Tom LH. Li , Antoni B. Chanâˆ—and Andy HW. Chun},
title = {Automatic Musical Pattern Feature Extraction Using Convolutional Neural Network}
}
@article{genre_classification,
author = {Michael Haggblade, Yang Hong, Kenny Kao},
title = {Music Genre Classification}
}

@article{spectral_centroid,
author = {Schubert, Emery and Wolfe, Joe and Tarnopolsky, Alex},
year = {2004},
month = {08},
pages = {},
title = {Spectral centroid and timbre in complex, multiple instrumental textures}
}