@article{genre_classification_tp,
author = {G. Tzanetakis, P. Cook},
title = {Musical Genre Classification of Audio Signals},
volume = 10, 
number = 5, 
pages = {294--295}, 
year = 2002
}

@article{crnn_for_ml,
author = {Keunwoo Choi, Gyorgy Fazekas},
title = {Convolutional recurrent neural networks for music classification},
year = 2016
}

@article{cnn_recommendation,
author = {Aaron van den Oord, Sander Dieleman},
title = {Deep contentbased music recommendation},
year = 2013
}

@article{mfcc_calc,
author = {Khdour, Thair & Muaidi, PHasan & Al-Ahmad, Ayat & Alqrainy, Shihadeh & Alkoffash, Mahmud.},
title = {Arabic Audio News Retrieval System Using Dependent Speaker Mode, Mel Frequency Cepstral Coefficient and Dynamic Time Warping Techniques.},
journal = {Research Journal of Applied Sciences, Engineering and Technology},
number = 7, 
pages = {5082--5097}, 
year = 2014
}

@article{spec_centroid,
author = {Kua, J.M.K. & Thiruvaran, Tharmarajah & Nosrati, Hadis & E, Ambikairajah & Epps, Julien},
title = {Investigation of Spectral Centroid Magnitude and Frequency for Speaker Recognition/},
year = 2010
}

@online{librosa,
title = {Librosa Library},
howpublished = {\url{https://librosa.github.io/}}
}

@online{jdownloader,
title = {JDownloader},
howpublished = {\url{http://jdownloader.org/}}
}

@online{data_set,
title = {Data Set of Turkish Folk Songs},
howpublished = {\url{https://we-l-ee.github.io/bbm406-Sin.City/data-set}}
}

@article{mffc,
author = {Md.Sahidullah, Goutam Saha},
title = {Design, analysis and experimental evaluation of block based transformation in MFCC computation for speaker recognition},
journal = {Speech Communication},
volume = 54, 
number = 4, 
pages = {543--565}, 
year = 2012
}

@article{to_basili,
author = {Basili, R. and Serafini, A. and Stellato, A},
title = {A. Classification of musical genre: a machine learning approach Proceedings of ISMIR},
journal = {ISMIR},
year = 2004 
}

@article{to_mckay,
author = {McKay, C. and Fujinaga, I},
title = {A. Classification of musical genre: a machine learning approach Proceedings of ISMIR},
journal = {ISMIR},
year = 2004 
}

@article{to_fiebrink,
author = {R. Fiebrink, I. Fujinaga},
title = {Feature Selection Pitfalls and Music Classification},
journal = {ISMIR},
year = 2004 
}

@article{to_jaudio,
author = {D. McEnnis, C. McKay, I. Fujinaga and P. Depalle},
title = {jAudio: A Feature Extraction Library},
journal = {in Proc. of the 6th Int. Conf. on Music Information Retrieval},
pages = {600--603},
year = 2005 
}

@article{to_bergstra,
author = {J. Bergstra, N. Casagrande, D. Erhan, D. Eck and B. K´egl},
title = {Aggregate features and ADABOOST for music classification},
journal = {Machine Learning},
volume = 65, 
number = 2, 
pages = {473--484}, 
year = 2006
}

@article{to_yaslan,
author = {Y. Yaslan and Z. Cataltepe},
title = {Audio Music Genre Classification Using Different Classifiers and Feature Selection Methods},
journal = {in Proc. of the Int. Conference on Pattern Recognition},
pages = {573--576},
year = 2006 
}

@article{speech_music,
author = {E. Scheirer and M. Slaney},
title = {Construction and evaluation of a robust multi-feature speech/music discriminator.},
journal = {ICASSP, IEEE International Conference on Acoustics, Speech and Signal processing-Proceedings},
pages = {1331--1334},
year = 1997 
}

@article{content_descriptor,
author = {T. Andersson},
title = {Audio Classification and Content Description},
year = 2004 
}

@article{pattern_letters,
author = {D. Li, I. K. Sethi, N, Dimitrova, and T. McGee},
title = {Classification of general audio data for content-based retrieval.},
journal = {Pattern Recognition Letters},
pages = {533--544},
year = 2001 
}

@online{magnatune,
title = {Magnatune, “Magnatune: MP3 Music and Music Licensing (Royalty Free Music and License Music)},
howpublished = {\url{http://www.magnatune.com}}
}

@article{to_ponce,
author = {de Le´on, P.J.P. and Inesta, J.M., I},
title = {Musical style identification using self-organising maps Web Delivering of Music},
journal = {in Proc. of the 7th Int. Conf. on Music Information Retrieval},
pages = {340--341},
year = 2006 
}


@article{chroma,
author = {Daniel P. W. Ellis},
title = {CLASSIFYING MUSIC AUDIO WITH TIMBRAL AND CHROMA FEATURES}
}
@article{genre_cnn,
author = {Qiuqiang Kong, Xiaohui Feng, Yanxiong Li},
title = {Music Genre Classification Using Convolutional Neural Network}
}
@article{feature_extraction_automatic_cnn,
author = {Tom LH. Li , Antoni B. Chan∗and Andy HW. Chun},
title = {Automatic Musical Pattern Feature Extraction Using Convolutional Neural Network}
}
@article{genre_classification,
author = {Michael Haggblade, Yang Hong, Kenny Kao},
title = {Music Genre Classification}
}

@article{spectral_centroid,
author = {Schubert, Emery and Wolfe, Joe and Tarnopolsky, Alex},
year = {2004},
month = {08},
pages = {},
title = {Spectral centroid and timbre in complex, multiple instrumental textures}
}